<record xmlns="http://www.loc.gov/MARC21/slim" xmlns:xsi="http://www.w3.org/2001/XMLSchema-instance" xsi:schemaLocation="http://www.loc.gov/MARC21/slim http://www.loc.gov/standards/marcxml/schema/MARC21slim.xsd">

  <leader>00488nam a2200169Ia 4500</leader>
  <controlfield tag="008">150714b1999    us ||||| |||| 00| | eng d</controlfield>
  <datafield ind1=" " tag="020" ind2=" ">
    <subfield code="a">0761989749</subfield>
  </datafield>
  <datafield ind2=" " ind1=" " tag="090">
    <subfield code="a">05.01.01 </subfield>
    <subfield code="b">1138</subfield>
  </datafield>
  <datafield ind1="1" tag="100" ind2=" ">
    <subfield code="a">LeCompte, Margaret D.</subfield>
    <subfield code="9">283</subfield>
  </datafield>
  <datafield ind2="0" ind1="1" tag="245">
    <subfield code="a">Analyzing and interpreting ethnographic data / </subfield>
    <subfield code="c">Margaret D., LeCompte</subfield>
  </datafield>
  <datafield ind2=" " tag="260" ind1=" ">
    <subfield code="a">USA: </subfield>
    <subfield code="b">Altamira Press, </subfield>
    <subfield code="c">1999</subfield>
  </datafield>
  <datafield tag="300" ind1=" " ind2=" ">
    <subfield code="a">243 páginas</subfield>
  </datafield>
  <datafield ind2="4" tag="650" ind1="1">
    <subfield code="a">ETNOLOGÍA </subfield>
    <subfield code="9">284</subfield>
  </datafield>
  <datafield ind2="4" ind1="1" tag="650">
    <subfield code="a">METODOLOGÍA</subfield>
    <subfield code="9">285</subfield>
  </datafield>
  <datafield ind1="1" tag="650" ind2="4">
    <subfield code="a">ETNOGRAFÍA</subfield>
    <subfield code="9">286</subfield>
  </datafield>
  <datafield ind2=" " ind1=" " tag="942">
    <subfield code="2">z</subfield>
    <subfield code="c">01</subfield>
  </datafield>
  <datafield ind2=" " ind1=" " tag="999">
    <subfield code="c">22</subfield>
    <subfield code="d">22</subfield>
  </datafield>
</record>